@inproceedings{saarinen2013normal,
  title={Normal distributions transform Monte-Carlo localization (NDT-MCL)},
  author={Saarinen, Jari and Andreasson, Henrik and Stoyanov, Todor and Lilienthal, Achim J},
  booktitle={Intelligent Robots and Systems (IROS), 2013 IEEE/RSJ International Conference on},
  pages={382--389},
  year={2013},
  organization={IEEE}
}

@article{wang2015voting,
  title={Voting for voting in online point cloud object detection},
  author={Wang, Dominic Zeng and Posner, Ingmar},
  journal={Proceedings of Robotics: Science and Systems, Rome, Italy},
  year={2015}
}

@inproceedings{magnusson2015beyond,
  title={Beyond points: Evaluating recent 3D scan-matching algorithms},
  author={Magnusson, Martin and Vaskevicius, Narunas and Stoyanov, Todor and Pathak, Kaustubh and Birk, Andreas},
  booktitle={Robotics and Automation (ICRA), 2015 IEEE International Conference on},
  pages={3631--3637},
  year={2015},
  organization={IEEE}
}

@inproceedings{Zhang_DEMO, 
title = {Real-time Depth Enhanced Monocular Odometry}, 
author = {Ji Zhang and Michael Kaess and Sanjiv Singh}, 
booktitle = {IEEE/RSJ International Conference on 
Intelligent Robots and Systems (IROS)}, 
month = {Sept.}, 
year={2014}, 
address={Chicago, IL} 
}

@article{werling2011optimal,
  title={Optimal trajectories for time-critical street scenarios using discretized terminal manifolds},
  author={Werling, Moritz and Kammel, S{\"o}ren and Ziegler, Julius and Gr{\"o}ll, Lutz},
  journal={The International Journal of Robotics Research},
  pages={0278364911423042},
  year={2011},
  publisher={SAGE Publications}
}

@article{dolgov2010path,
  title={Path planning for autonomous vehicles in unknown semi-structured environments},
  author={Dolgov, Dmitri and Thrun, Sebastian and Montemerlo, Michael and Diebel, James},
  journal={The International Journal of Robotics Research},
  volume={29},
  number={5},
  pages={485--501},
  year={2010},
  publisher={SAGE Publications}
}

